% This file was created with JabRef 2.4.2.
% Encoding: Cp1252

%thesis content starts here
@article{swan2015connected,
  title={Connected car: quantified self becomes quantified car},
  author={Swan, Melanie},
  journal={Journal of Sensor and Actuator Networks},
  volume={4},
  number={1},
  pages={2--29},
  year={2015},
  publisher={Multidisciplinary Digital Publishing Institute}
}

@inproceedings{schafer2009iq,
  title={IQ routes and HD traffic: technology insights about tomtom's time-dynamic navigation concept},
  author={Sch{\"a}fer, Ralf-Peter},
  booktitle={Proceedings of the the 7th joint meeting of the European software engineering conference and the ACM SIGSOFT symposium on The foundations of software engineering},
  pages={171--172},
  year={2009},
  organization={ACM}
}

@misc{garminauto,
  title={{Automotive Products for Cars}},
  author={{Garmin}},
  url = {https://buy.garmin.com/en-US/US/cOnTheRoad-cAutomotive-p1.html}
}

@misc{googlemaps,
  title={{Play Store for Applications}},
  author={{Google Maps}},
  url = {https://play.google.com/store/apps/details?id=com.google.android.apps.maps}
}

@misc{bingmaps,
  title={{Directions, trip planning, traffic cameras and more}},
  author={{Bing Maps}},
  url = {https://www.bing.com/maps}
}


@misc{osmmaps,
  title={{OpenSteetMap}},
  url = {https://wego.here.com/?x=ep&map=50,8.7,10,normal}
}

@misc{heremaps,
  title={{WeGo}},
  author={{HERE}},
  url = {https://wego.here.com/?x=ep&map=50,8.7,10,normal}
}


@misc{maps30expire,
  title={{Download areas and navigate offline}},
  author={{Google Maps Help}},
  url = {https://support.google.com/maps/answer/6291838?co=GENIE.Platform%3DAndroid&hl=en}
}

@misc{tomtomhistory,
  title={{Key facts and dates}},
  author={{About TomTom}},
  url = {http://corporate.tomtom.com/keyfacts.cfm?showkey=dates}
}
@misc{androidapp,
  title={{Android Apps on Google Play}},
  author={{MapFactor GPS Navigation Maps}},
  url = {https://play.google.com/store/apps/details?id=com.mapfactor.navigator}
}



@misc{osmpbf,
  title={{OpenStreetMap Wiki}},
  author={{PBF Format}},
  url = {http://wiki.openstreetmap.org/wiki/PBF_Format}
}


@misc{tag,
  title={{Tag Descriptions}},
  author={{OpenStreetMap}},
  url = {http://wiki.openstreetmap.org/wiki/Category:Tag_descriptions}
}

@misc{isosfa,
  title={{Geographic information -- Simple feature access -- Part 2: SQL option}},
  author={{ISO 19125-2:2004}},
  url = {http://www.iso.org/iso/iso_catalogue/catalogue_tc/catalogue_detail.htm?csnumber=40115}
}

@misc{iso693,
  title={{ICodes for the representation of names of languages -- Part 1: Alpha-2 code}},
  author={{ISO 639-1:2002}},
  url = {http://www.iso.org/iso/catalogue_detail?csnumber=22109}
}

@misc{bmwcd,
  title={Take Over Please},
  author={ConnectedDrive, BMW},
  url = {http://www.bmw.com/com/en/insights/technology/connecteddrive/2013/index.html}
}

@misc{garminupdate,
  title={{Fiat Chrysler Update Site}},
  author={{Garmin Map Products}},
  url = {https://auto-update.garmin.com/auto-update/site}
}

@misc{wgs84,
  title={{World Geodetic System}},
  author={{National Geospatial-Intelligence Agency}},
  year={1984},
  url = {http://earth-info.nga.mil/GandG/publications/tr8350.2/tr8350_2.html}
}

@misc{osmxml,
  title={{OSM XML}},
  author={{OpenStreetMap}},
  year={2015},
  url = {http://wiki.openstreetmap.org/wiki/OSM_XML}
}



@article{barabba2002multimethod,
  title={A multimethod approach for creating new business models: The General Motors OnStar project},
  author={Barabba, Vince and Huber, Chet and Cooke, Fred and Pudar, Nick and Smith, Jim and Paich, Mark},
  journal={Interfaces},
  volume={32},
  number={1},
  pages={20--34},
  year={2002},
  publisher={INFORMS}
}

@article{holl2009postgis,
  title={PostGIS},
  author={Holl, Stephan and Plum, Hans},
  journal={GeoInformatics},
  volume={3},
  number={2009},
  pages={34--36},
  year={2009}
}

@misc{sharma2016,
  author = {Sharma, Aakash},
  title = {osm2pgrouting},
  year = {2016},
  publisher = {GitHub},
  journal = {GitHub repository},
  url = {https://github.com/aakashysharma/osm2pgrouting},
}

@misc{osm2pgrouting,
  author = {pg{R}outing},
  title = {osm2pgrouting},
  year = {2016},
  publisher = {GitHub},
  journal = {GitHub repository},
  url = {https://github.com/pgRouting/osm2pgrouting/},
}

@misc{osmosis,
  author = {{O}pen{S}treet{M}ap},
  title = {osmosis},
  year = {2016},
  publisher = {GitHub},
  journal = {GitHub repository},
  url = {https://github.com/openstreetmap/osmosis},
}


@misc{pgrouting,
  url={http://pgrouting.org/},
  author={pgRouting Project},
  publisher={PostgreSQL}
}

@misc{oaa,
  url={http://www.openautoalliance.net/},
  author={{O}pen {A}utomotive {A}lliance},
}

@misc{playstore,
  url={https://play.google.com/store},
  author={{G}oogle {P}lay {S}tore},
}

@misc{openlanemodel,
  url={http://openlanemodel.org/},
  author={{NDS Open Lane Model}},
}


@misc{postgresql,
  url={http://www.postgresql.org},
  author={PostgreSQL},
  publisher={PostgreSQL}
}

@incollection{lupp2008open,
  title={Open Geospatial Consortium},
  author={Lupp, Markus},
  booktitle={Encyclopedia of GIS},
  pages={815--815},
  year={2008},
  publisher={Springer}
}
@misc{fischer2012technique,
  title={Technique for structuring navigation data},
  author={Fischer, Sebastian and Dormann, Holger},
  year={2012},
  month=nov # "~6",
  publisher={Google Patents},
  note={US Patent App. 13/669,591}
}
@inproceedings{cooper2001incremental,
  title={Incremental updating and versioning},
  author={Cooper, Antony and Peled, Ammatzia},
  booktitle={Proceedings of 20 th International Cartographic Conference},
  pages={2804--2809},
  year={2001}
}
@misc{kato2002method,
  title={Method of making update information of map data and differential data of map data updating system},
  author={Kato, Noriko},
  year={2002},
  month=sep # "~17",
  publisher={Google Patents},
  note={US Patent 6,453,233}
}
@article{coppock1991history,
  title={The history of GIS},
  author={Coppock, J Terry and Rhind, David W},
  journal={Geographical information systems: Principles and applications},
  volume={1},
  number={1},
  pages={21--43},
  year={1991},
  publisher={London: Longman}
}
@article{hart1968formal,
  title={A formal basis for the heuristic determination of minimum cost paths},
  author={Hart, Peter E and Nilsson, Nils J and Raphael, Bertram},
  journal={IEEE transactions on Systems Science and Cybernetics},
  volume={4},
  number={2},
  pages={100--107},
  year={1968},
  publisher={IEEE}
}

@article{dijkstra1959note,
  title={A note on two problems in connexion with graphs},
  author={Dijkstra, Edsger W},
  journal={Numerische mathematik},
  volume={1},
  number={1},
  pages={269--271},
  year={1959},
  publisher={Springer}
}

@article{floyd1962algorithm,
  title={Algorithm 97: shortest path},
  author={Floyd, Robert W},
  journal={Communications of the ACM},
  volume={5},
  number={6},
  pages={345},
  year={1962},
  publisher={ACM}
}

@article{cherkassky1996shortest,
  title={Shortest paths algorithms: Theory and experimental evaluation},
  author={Cherkassky, Boris V and Goldberg, Andrew V and Radzik, Tomasz},
  journal={Mathematical programming},
  volume={73},
  number={2},
  pages={129--174},
  year={1996},
  publisher={Springer}
}

@inproceedings{ros2015vision,
  title={Vision-based offline-online perception paradigm for autonomous driving},
  author={Ros, German and Ramos, Sebastian and Granados, Manuel and Bakhtiary, Amir and Vazquez, David and Lopez, Antonio M},
  booktitle={2015 IEEE Winter Conference on Applications of Computer Vision},
  pages={231--238},
  year={2015},
  organization={IEEE}
}
@inproceedings{schreiber2013laneloc,
  title={Laneloc: Lane marking based localization using highly accurate maps},
  author={Schreiber, Markus and Kn{\"o}ppel, Carsten and Franke, Uwe},
  booktitle={Intelligent Vehicles Symposium (IV), 2013 IEEE},
  pages={449--454},
  year={2013},
  organization={IEEE}
}
@inproceedings{gerla2014internet,
  title={Internet of vehicles: From intelligent grid to autonomous cars and vehicular clouds},
  author={Gerla, Mario and Lee, Eun-Kyu and Pau, Giovanni and Lee, Uichin},
  booktitle={Internet of Things (WF-IoT), 2014 IEEE World Forum on},
  pages={241--246},
  year={2014},
  organization={IEEE}
}

@article{chen2004ohio,
  title={Ohio state university at the 2004 darpa grand challenge: developing a completely autonomous vehicle},
  author={Chen, Qi and Ozguner, Umit and Redmill, Keith},
  journal={IEEE Intelligent Systems},
  volume={19},
  number={5},
  pages={8--11},
  year={2004},
  publisher={IEEE}
}

@inproceedings{payton1986architecture,
  title={An architecture for reflexive autonomous vehicle control},
  author={Payton, David},
  booktitle={Robotics and Automation. Proceedings. 1986 IEEE International Conference on},
  volume={3},
  pages={1838--1845},
  year={1986},
  organization={IEEE}
}
@article{urmson2008autonomous,
  title={Autonomous driving in urban environments: Boss and the urban challenge},
  author={Urmson, Chris and Anhalt, Joshua and Bagnell, Drew and Baker, Christopher and Bittner, Robert and Clark, MN and Dolan, John and Duggins, Dave and Galatali, Tugrul and Geyer, Chris and others},
  journal={Journal of Field Robotics},
  volume={25},
  number={8},
  pages={425--466},
  year={2008},
  publisher={Wiley Online Library}
}

@article{jo2014generation,
  title={Generation of a precise roadway map for autonomous cars},
  author={Jo, Kichun and Sunwoo, Myoungho},
  journal={IEEE Transactions on Intelligent Transportation Systems},
  volume={15},
  number={3},
  pages={925--937},
  year={2014},
  publisher={IEEE}
}
@inproceedings{matthaei2014map,
  title={Map-relative localization in lane-level maps for ADAS and autonomous driving},
  author={Matthaei, Richard and Bagschik, Gerrit and Maurer, Markus},
  booktitle={2014 IEEE Intelligent Vehicles Symposium Proceedings},
  pages={49--55},
  year={2014},
  organization={IEEE}
}

@inproceedings{bender2014lanelets,
  title={Lanelets: Efficient map representation for autonomous driving},
  author={Bender, Philipp and Ziegler, Julius and Stiller, Christoph},
  booktitle={2014 IEEE Intelligent Vehicles Symposium Proceedings},
  pages={420--425},
  year={2014},
  organization={IEEE}
}
@article{berger2014autonomous,
  title={Autonomous Driving-5 Years after the Urban Challenge: The Anticipatory Vehicle as a Cyber-Physical System},
  author={Berger, Christian and Rumpe, Bernhard},
  journal={arXiv preprint arXiv:1409.0413},
  year={2014}
}

@inproceedings{levinson2011towards,
  title={Towards fully autonomous driving: Systems and algorithms},
  author={Levinson, Jesse and Askeland, Jake and Becker, Jan and Dolson, Jennifer and Held, David and Kammel, Soeren and Kolter, J Zico and Langer, Dirk and Pink, Oliver and Pratt, Vaughan and others},
  booktitle={Intelligent Vehicles Symposium (IV), 2011 IEEE},
  pages={163--168},
  year={2011},
  organization={IEEE}
}


@incollection{wachenfeld2016use,
  title={Use Cases for Autonomous Driving},
  author={Wachenfeld, Walther and Winner, Hermann and Gerdes, J Chris and Lenz, Barbara and Maurer, Markus and Beiker, Sven and Fraedrich, Eva and Winkle, Thomas},
  booktitle={Autonomous Driving},
  pages={9--37},
  year={2016},
  publisher={Springer}
}

@incollection{pavone2016autonomous,
  title={Autonomous mobility-on-demand systems for future urban mobility},
  author={Pavone, Marco},
  booktitle={Autonomous Driving},
  pages={387--404},
  year={2016},
  publisher={Springer}
}
@article{thorpe1991toward,
  title={Toward autonomous driving: the cmu navlab. i. perception},
  author={Thorpe, Charles and Herbert, Martial and Kanade, Takeo and Shafer, Steven},
  journal={IEEE expert},
  volume={6},
  number={4},
  pages={31--42},
  year={1991},
  publisher={IEEE}
}

@article{campbell2010autonomous,
  title={Autonomous driving in urban environments: approaches, lessons and challenges},
  author={Campbell, Mark and Egerstedt, Magnus and How, Jonathan P and Murray, Richard M},
  journal={Philosophical Transactions of the Royal Society of London A: Mathematical, Physical and Engineering Sciences},
  volume={368},
  number={1928},
  pages={4649--4672},
  year={2010},
  publisher={The Royal Society}
}

@inproceedings{dickmanns2002development,
  title={The development of machine vision for road vehicles in the last decade},
  author={Dickmanns, Ernst D},
  booktitle={Intelligent Vehicle Symposium, 2002. IEEE},
  volume={1},
  pages={268--281},
  year={2002},
  organization={IEEE}
}

@inproceedings{mooney2011accessing,
  title={Accessing the history of objects in OpenStreetMap},
  author={Mooney, Peter and Corcoran, Padraig},
  booktitle={Proceedings AGILE},
  pages={155},
  year={2011}
}

@inproceedings{okamoto2010method,
  title={A method of structuring communication data for in-vehicle information service},
  author={Okamoto, Keisuke and Sasajima, Munehiko and Chandrasiri, Naiwala P and Nawa, Kazunari and Mizoguchi, Riichiro},
  booktitle={Vehicular Networking Conference (VNC), 2010 IEEE},
  pages={144--151},
  year={2010},
  organization={IEEE}
}

@inproceedings{kopf2010automatic,
  title={Automatic generation of destination maps},
  author={Kopf, Johannes and Agrawala, Maneesh and Bargeron, David and Salesin, David and Cohen, Michael},
  booktitle={ACM Transactions on Graphics (TOG)},
  volume={29},
  number={6},
  pages={158},
  year={2010},
  organization={ACM}
}

@inproceedings{min2008mobile,
  title={The mobile spatial DBMS for the partial map air update in the navigation},
  author={Min, Kyoung-Wook and An, Kyoung-Hwan and Kim, Ju-Wan and Jin, Sung-Il},
  booktitle={2008 11th International IEEE Conference on Intelligent Transportation Systems},
  pages={476--481},
  year={2008},
  organization={IEEE}
}

@inproceedings{lee1998perf,
  title={Performance evaluation of different route planning algorithms in the vehicle navigation system},
  author={Jae-Mu Lee, Jong-Hoon Kim, Heung-Seok Jeon},
  booktitle={the journal of Korea Association of Information education, Vol 2. No. 2},
  pages={252--259},
  year={1998}
}

@article{min2011system,
  title={A system framework for map air update navigation service},
  author={Min, Kyoungwook and An, Kyounghwan and Jang, Insung and Jin, Sungil},
  journal={ETRI Journal},
  volume={33},
  number={4},
  pages={476--486},
  year={2011},
  publisher={Electronics and Telecommunications Research Institute}
}

@book{chang2006introduction,
  title={Introduction to geographic information systems},
  author={Chang, Kang-tsung},
  year={2006},
  publisher={McGraw-Hill Higher Education Boston}
}

@article{flament2005results,
  title={Results of implementation and validation of the ActMAP incremental map updates for advanced in-vehicle applications},
  author={Flament, Maxime},
  journal={ITS Europe},
  year={2005}
}

@inproceedings{sakamoto2000proposal,
  title={A proposal on data renewal method for car navigation system},
  author={Sakamoto, A and Ohsawa, Y and Akai, S},
  booktitle={XXII Congress of the International Society for Photogrammetry and Remote Sensing (ISPRS 2000), Melbourne, Australia},
  pages={7--12},
  year={2000}
}

@inproceedings{asahara2008locally,
  title={Locally Differential Map Update Method with Maintained Road Connections for Telematics Services},
  author={Asahara, Akinori and Tanizaki, Masaaki and Morioka, Michio and Shimada, Shigeru},
  booktitle={Mobile Data Management Workshops, 2008. MDMW 2008. Ninth International Conference on},
  pages={11--18},
  year={2008},
  organization={IEEE}
}

@misc{zavoli2008method,
  title={Method and system for the use of probe data from multiple vehicles to detect real world changes for use in updating a map},
  author={Zavoli, Walter Bruno and Otto, Hans Ulrich},
  year={2008},
  month=nov # "~6",
  publisher={Google Patents},
  note={US Patent App. 12/289,888}
}

@inproceedings{balkic2012geohash,
  title={GeoHash and UUID identifier for multi-agent systems},
  author={Balki{\'c}, Zoran and {\v{S}}o{\v{s}}tari{\'c}, Damir and Horvat, Goran},
  booktitle={KES International Symposium on Agent and Multi-Agent Systems: Technologies and Applications},
  pages={290--298},
  year={2012},
  organization={Springer}
}
@inproceedings{suwardi2015geohash,
  title={Geohash index based spatial data model for corporate},
  author={Suwardi, Iping Supriana and Dharma, Dody and Satya, Dicky Prima and Lestari, Dessi Puji},
  booktitle={Electrical Engineering and Informatics (ICEEI), 2015 International Conference on},
  pages={478--483},
  year={2015},
  organization={IEEE}
}

@inproceedings{hentschel2010autonomous,
  title={Autonomous robot navigation based on openstreetmap geodata},
  author={Hentschel, Matthias and Wagner, Bernardo},
  booktitle={Intelligent Transportation Systems (ITSC), 2010 13th International IEEE Conference on},
  pages={1645--1650},
  year={2010},
  organization={IEEE}
}
@inproceedings{ciepluch2010comparison,
  title={Comparison of the accuracy of OpenStreetMap for Ireland with Google Maps and Bing Maps},
  author={Ciep{\l}uch, B{\l}a{\.z}ej and Jacob, Ricky and Mooney, Peter and Winstanley, Adam C},
  booktitle={Proceedings of the Ninth International Symposium on Spatial Accuracy Assessment in Natural Resuorces and Enviromental Sciences 20-23rd July 2010},
  pages={337},
  year={2010},
  organization={University of Leicester}
}
@article{choi2000development,
  title={Development of a transit network from a street map database with spatial analysis and dynamic segmentation},
  author={Choi, Keechoo and Jang, Wonjae},
  journal={Transportation Research Part C: Emerging Technologies},
  volume={8},
  number={1},
  pages={129--146},
  year={2000},
  publisher={Elsevier}
}
@inproceedings{car1994general,
  title={General principles of hierarchical spatial reasoning-the case of wayfinding},
  author={Car, Adrijana and Frank, Andrew U},
  booktitle={the Proceedings of the 6th International Symposium on Spatial Data Handling},
  volume={2},
  pages={646--664},
  year={1994}
}
@article{over2010generating,
  title={Generating web-based 3D City Models from OpenStreetMap: The current situation in Germany},
  author={Over, M and Schilling, Arne and Neubauer, S and Zipf, Alexander},
  journal={Computers, Environment and Urban Systems},
  volume={34},
  number={6},
  pages={496--507},
  year={2010},
  publisher={Elsevier}
}
@inproceedings{balley2011models,
  title={Models and standards for on-demand mapping},
  author={Balley, S and Regnauld, N},
  booktitle={Proceedings of the 25th international cartographic conference. Paris},
  year={2011}
}

@article{bedard2007multiple,
  title={Multiple representation spatial databases and the concept of vuel},
  author={B{\'e}dard, Yvan and Bernier, Eveline and Badard, Thierry},
  journal={Encyclopaedia in Geoinformatics. Idea Group Publishing, Hershey},
  year={2007},
  publisher={Citeseer}
}
@article{zilske2011openstreetmap,
  title={OpenStreetMap for traffic simulation},
  author={Zilske, Michael and Neumann, Andreas and Nagel, Kai},
  year={2011}
}

@article{roick2011osmatrix,
  title={OSMatrix--grid-based analysis and visualization of OpenStreetMap},
  author={Roick, Oliver and Hagenauer, Julian and Zipf, Alexander},
  journal={Proceedings of the State of the Map Europe, Vienna, Austria},
  volume={1517},
  pages={1517},
  year={2011}
}
@article{bejaranoautomation,
  title={Automation of process to load database from OSM for the design of public routes},
  author={Bejarano, G and Astuvilca, J and Vega, P}
}
@inproceedings{luxen2011real,
  title={Real-time routing with OpenStreetMap data},
  author={Luxen, Dennis and Vetter, Christian},
  booktitle={Proceedings of the 19th ACM SIGSPATIAL International Conference on Advances in Geographic Information Systems},
  pages={513--516},
  year={2011},
  organization={ACM}
}

@inproceedings{agrawala2001rendering,
  title={Rendering effective route maps: improving usability through generalization},
  author={Agrawala, Maneesh and Stolte, Chris},
  booktitle={Proceedings of the 28th annual conference on Computer graphics and interactive techniques},
  pages={241--249},
  year={2001},
  organization={ACM}
}

@article{jiang2004selection,
  title={Selection of Streets from a Network Using Self-Organizing Maps},
  author={Jiang, Bin and Harrie, Lars},
  journal={Transactions in GIS},
  volume={8},
  number={3},
  pages={335--350},
  year={2004},
  publisher={Wiley Online Library}
}
@inproceedings{baglatzi2012semantifying,
  title={Semantifying OpenStreetMap},
  author={Baglatzi, Alkyoni and Kokla, Margarita and Kavouras, Marinos},
  booktitle={Proceedings of the 5th International Terra Cognita Workshop},
  pages={39--50},
  year={2012}
}
@inproceedings{peterson2001development,
  title={The development of map distribution through the internet},
  author={Peterson, Michael P},
  booktitle={Proceedings 20th International Cartographic Conference},
  pages={2306--2312},
  year={2001}
}

@inproceedings{zhu2013shortest,
  title={Shortest path and distance queries on road networks: towards bridging theory and practice},
  author={Zhu, Andy Diwen and Ma, Hui and Xiao, Xiaokui and Luo, Siqiang and Tang, Youze and Zhou, Shuigeng},
  booktitle={Proceedings of the 2013 ACM SIGMOD International Conference on Management of Data},
  pages={857--868},
  year={2013},
  organization={ACM}
}

@article{neis2011street,
  title={The street network evolution of crowdsourced maps: OpenStreetMap in Germany 2007--2011},
  author={Neis, Pascal and Zielstra, Dennis and Zipf, Alexander},
  journal={Future Internet},
  volume={4},
  number={1},
  pages={1--21},
  year={2011},
  publisher={Molecular Diversity Preservation International}
}

@article{schaminee2011short,
  title={Short and Winding Road: Software in Car Navigation Systems},
  author={Schamin{\'e}e, Han and Aerts, Hans},
  journal={IEEE software},
  volume={28},
  number={4},
  pages={19},
  year={2011},
  publisher={IEEE Computer Society}
}

@book{foerster2010web,
  title={Web-based architecture for on-demand maps-integrating meaningful generalization processing},
  author={Foerster, Theodor Ernst-Christoph Martin Joachim},
  year={2010},
  publisher={University of Twente}
}
@inproceedings{anhorn2016crowdsourced,
  title={Crowdsourced validation and updating of dynamic features in OpenStreetMap an analysis of shelter mapping after the 2015 Nepal earthquake},
  author={Anhorn, Johannes and Herfort, Benjamin and Albuquerque, Joa?o Porto de},
  booktitle={Proceedings of the ISCRAM 2016 Conference--Rio de Janeiro, Brazil, May 2016},
  year={2016}
}

@inproceedings{ishikawa1991map,
  title={Map navigation software of the electro-multivision of the'91 Toyoto Soarer},
  author={Ishikawa, Kunihiro and Ogawa, Michima and Azuma, Shigetoshi and Ito, Tooru},
  booktitle={Vehicle Navigation and Information Systems Conference, 1991},
  volume={2},
  pages={463--473},
  year={1991},
  organization={IEEE}
}

@article{haklay2008openstreetmap,
  title={Openstreetmap: User-generated street maps},
  author={Haklay, Mordechai and Weber, Patrick},
  journal={IEEE Pervasive Computing},
  volume={7},
  number={4},
  pages={12--18},
  year={2008},
  publisher={IEEE}
}


@misc{Lexusglitch,
  title = { Why everyone should worry about this scary glitch that affected rich drivers - The Washington Post},
  url = {https://www.washingtonpost.com/news/the-switch/wp/2016/06/08/why-everyone-should-worry-about-this-scary-glitch-that-affected-rich-drivers/},
  note = {Accessed: 2016-12-01}
}

@inproceedings{balasubramanian2010augmenting,
  title={Augmenting mobile 3G using WiFi},
  author={Balasubramanian, Aruna and Mahajan, Ratul and Venkataramani, Arun},
  booktitle={Proceedings of the 8th international conference on Mobile systems, applications, and services},
  pages={209--222},
  year={2010},
  organization={ACM}
}

@article{muller2010navigation,
  title={Navigation Data Standard ({NDS}): Bald {I}ndustriestandard},
  author={M{\"u}ller, TM},
  journal={Automobil-Elektronik},
  volume={6},
  pages={30},
  year={2010}
}
@misc{Carplaymodels,
  title = {{C}ar{P}lay - {A}vailable {M}odels - {A}pple },
  url = {http://www.apple.com/ios/carplay/available-models/},
  note = {Accessed: 2016-12-01}
}

@misc{geofabrik,
  title = {{O}pen{S}treet{M}ap {D}ata {E}xtracts},
  url = {http://download.geofabrik.de/},
  note = {Accessed: 2016-12-01}
}

@misc{planetosm,
  title = {{P}lanet {OSM}},
  url = {http://planet.openstreetmap.org/},
  note = {Accessed: 2016-12-01}
}

@misc{pbftoosm,
  title = {Pbftoosm},
  url = {http://wiki.openstreetmap.org/wiki/Pbftoosm},
  note = {Accessed: 2016-12-01}
}

@inproceedings{movenet,
  title={MoVeNet: Mobility Management for Vehicular Networking},
  author={Rueckelt, Tobias and Altug, Halis and Burgstahler, Daniel and B{\"o}hnstedt, Doreen and Steinmetz, Ralf},
  booktitle={Proceedings of the 14th ACM International Symposium on Mobility Management and Wireless Access},
  pages={139--146},
  year={2016},
  organization={ACM}
}
@INPROCEEDINGS{probsense, 
author={D. Burgstahler and T. Meuser and U. Lampe and D. B{\"o}hnstedt and R. Steinmetz}, 
booktitle={2016 IEEE International Conference on Mobile Services (MS)}, 
title={ProbSense.KOM: A Probabilistic Sensing Approach for Gathering Vehicular Sensed Data}, 
year={2016}, 
pages={9-16}, 
keywords={Data collection;Data communication;Mobile communication;Probabilistic logic;Sensors;Servers;Vehicles;probabilistic sensing;vehicular data collection}, 
doi={10.1109/MobServ.2016.13}, 
month={June},}

@article{gantz2012digital,
  title={The digital universe in 2020: Big data, bigger digital shadows, and biggest growth in the far east},
  author={Gantz, John and Reinsel, David},
  journal={IDC iView: IDC Analyze the future},
  volume={2007},
  pages={1--16},
  year={2012}
}
@misc{AppleMaps,
  title = {i{OS} - {M}aps - {A}pple },
  url = {https://www.apple.com/ios/maps/},
  note = {Accessed: 2016-12-01}
}

@misc{AppleCarPlay,
  title = {i{OS} - {C}ar{P}lay - {A}pple},
  url = {https://www.apple.com/ios/carplay/},
  note = {Accessed: 2016-12-01}
}
@misc{AndroidAuto,
  title = {Android {A}uto },
  url = {https://www.android.com/auto/},
  note = {Accessed: 2016-12-01}
}

@online{ndsblocks,
 author  = {{Wikimedia Commons}},
 title   = {{Overview of the NDS building blocks}},
 year    = {2011},
 urlseen = {11-12-16},
 url     = {https://goo.gl/ztzkSA}

}

@article{flament2003actmap,
  title={ActMAP Final Report},
  author={Flament, Maxime},
  journal={interfaces (Deliverable 3.1)},
  volume={1000},
  pages={18},
  year={2003}
}
@misc{hummelsheimlocation,
  title={Location referencing change requests for ISO, IST 20457--AGORA Project, Deliverable 6.4, Brussels, February 2003},
  author={Hummelsheim, K}
}
@inproceedings{demir2002new,
  title={A New Location Referencing Method for Unique Reconstruction of an Object on a Second Map},
  author={Demir, C},
  booktitle={9th World Congress on Intelligent Transport Systems},
  year={2002}
}

@article{tc204200214825,
  title={14825},
  author={TC204, ISO},
  journal={Intelligent Transport Systems - Geographic Data Files - Overall Data Specification},
  year={2002}
}
@misc{kiwiinput,
  title={Input for ISO Physical Storage Format, 28 March 2000},
  author={Kiwi-W Consortium and others}
}

@inproceedings{bullock1994analysis,
  title={Analysis of the use of digital road maps in vehicle navigation},
  author={Bullock, JB and Krakiwsky, EJ},
  booktitle={Position Location and Navigation Symposium, 1994., IEEE},
  pages={494--501},
  year={1994},
  organization={IEEE}
}

@inproceedings{yun2005development,
  title={Development of an embedded spatial MMDBMS for spatial mobile devices},
  author={Yun, Jae-Kwan and Kim, Joung-Joon and Hong, Dong-Suk and Han, Ki-Joon},
  booktitle={International Workshop on Web and Wireless Geographical Information Systems},
  pages={1--10},
  year={2005},
  organization={Springer}
}
@article{aeberhard2015experience,
  title={Experience, Results and Lessons Learned from Automated Driving on Germany's Highways},
  author={Aeberhard, Michael and Rauch, Sebastian and Bahram, Mohammad and Tanzmeister, Georg and Thomas, Julian and Pilat, Yves and Homm, Florian and Huber, Werner and Kaempchen, Nico},
  journal={IEEE Intelligent Transportation Systems Magazine},
  volume={7},
  number={1},
  pages={42--57},
  year={2015},
  publisher={IEEE}
}

@online{360hdmaps,
 author  = {Barker, Philip},
 title   = {Industry expert explains why autonomous cars need a map},
 year    = {2015},
 urlseen = {11-12-16},
 url     = {https://goo.gl/BxtWaM}
}

@online{hdmapauto,
 author  = {Lawton, Christopher},
 title   = {Why an HD map is an essential ingredient for self-driving cars},
 year    = {2015},
 urlseen = {11-12-16},
 url     = {https://goo.gl/AWjH54}
}

@online{stevenson,
 author  = {Stevenson, Jamie},
 title   = {Making the invisible visible with the HD Live Map video demo},
 year    = {2016},
 urlseen = {11-12-16},
 url     = {https://goo.gl/o4JiEW}
}

@online{madrigal,
 author  = {Madrigal, Alexis C.},
 title   = {The Trick That Makes Google's Self-Driving Cars Work},
 year    = {2014},
 urlseen = {11-12-16},
 url     = {https://goo.gl/jf8rxY}
}

@online{perkins,
 author  = {Perkins, Chris},
 title   = {Tesla is mapping the Earth, 'cause your GPS won't cut it for self-driving cars},
 year    = {2015},
 urlseen = {11-12-16},
 url     = {http://mashable.com/2015/10/14/tesla-high-precision-digital-maps/}
}

@online{tomtom,
 author  = {TomTom},
 title   = {TomTom's HD Map powers autonomous driving},
 year    = {2015},
 urlseen = {11-12-16},
 url     = {http://corporate.tomtom.com/releasedetail.cfm?ReleaseID=992618}
}

@online{navinfo,
 author  = {NavInfo},
 title   = {Incremental Update is the Revolution for Map Production System},
 year    = {2013},
 urlseen = {11-12-16},
 url     = {http://www.navinfo.com/en/news/detail.aspx?id=944&sort=1}
}

@online{opendrive,
 author  = {VIRES},
 title   = {OpenDRIVE - managing the road ahead},
 year    = {2011},
 urlseen = {11-12-16},
 url     = {http://www.opendrive.org/docs/VIRES_ODR_OCRG.pdf}
}

@online{hitachi,
 author  = {Hitachi},
 title   = {Map update service / solution : Hitachi Automotive Systems, Ltd.},
 year    = {2016},
 urlseen = {11-12-16},
 url     = {http://www.hitachi-automotive.co.jp/en/products/cis/02.html}
}

@inproceedings{bastiaensen2003actmap,
  title={ActMAP: real-time map updates for advanced in-vehicle applications},
  author={Bastiaensen, Edwin and others},
  booktitle={Proceedings, 10th World Congress on ITS, Madrid},
  year={2003}
}

@article{pasaoglu2012driving,
  title={Driving and parking patterns of European car drivers-a mobility survey},
  author={Pasaoglu, G and Fiorello, D and Martino, A and Scarcella, G and Alemanno, A and Zubaryeva, A and Thiel, C},
  journal={Luxembourg: European Commission Joint Research Centre},
  year={2012}
}

@article{scheider2012affordance,
  title={Affordance-based individuation of junctions in Open Street Map},
  author={Scheider, Simon and Possin, J{\"o}rg},
  journal={Journal of Spatial Information Science},
  volume={2012},
  number={4},
  pages={31--56},
  year={2012}
}


%thesis content ends here